<record><leader>00000cas a2200000 a 4500</leader><controlfield tag="001">10811206</controlfield><controlfield tag="008">840606d18871937caudr ne      0    0eng c</controlfield><datafield ind1=" " ind2=" " tag="010"><subfield code="a">sn 84026977 </subfield></datafield><datafield ind1=" " ind2=" " tag="040"><subfield code="a">NPU</subfield><subfield code="b">eng</subfield><subfield code="c">NPU</subfield><subfield code="d">NPV</subfield><subfield code="d">NPX</subfield><subfield code="d">NYG</subfield><subfield code="d">CNK</subfield><subfield code="d">OCLCQ</subfield></datafield><datafield ind1=" " ind2=" " tag="042"><subfield code="a">pcc</subfield></datafield><datafield ind1="0" ind2=" " tag="130"><subfield code="a">Morning press (Santa Barbara, Calif.)</subfield></datafield><datafield ind1="1" ind2="4" tag="245"><subfield code="a">The morning press.</subfield></datafield><datafield ind1="1" ind2="3" tag="246"><subfield code="a">Santa Barbara daily press</subfield></datafield><datafield ind1="1" ind2="3" tag="246"><subfield code="a">Santa Barbara press</subfield></datafield><datafield ind1="3" ind2=" " tag="246"><subfield code="a">Santa Barbara Sunday daily news, morning press</subfield></datafield><datafield ind1=" " ind2=" " tag="260"><subfield code="a">Santa Barbara, Calif. :</subfield><subfield code="b">J.T. Johnston &amp; Co.</subfield></datafield><datafield ind1=" " ind2=" " tag="300"><subfield code="a">v. :</subfield><subfield code="b">ill. ;</subfield><subfield code="c">60 cm.</subfield></datafield><datafield ind1=" " ind2=" " tag="310"><subfield code="a">Daily</subfield></datafield><datafield ind1="0" ind2=" " tag="362"><subfield code="a">Vol. 23, no. 54 (Sept. 20, 1887)-v. 74, no. 170 (Apr. 20, 1937).</subfield></datafield><datafield ind1=" " ind2=" " tag="500"><subfield code="a">On Sunday published as: Santa Barbara Sunday daily news, morning press, Nov. 6, 1932-</subfield></datafield><datafield ind1=" " ind2=" " tag="530"><subfield code="a">Master negatives are available for duplication from:</subfield><subfield code="b">California Newspaper Microfilm Archive;</subfield><subfield code="c">positive copies may be purchased by the reel; for further information consult the CNMA at:</subfield><subfield code="u">http://cbsr.ucr.edu</subfield></datafield><datafield ind1=" " ind2=" " tag="580"><subfield code="a">Evening ed: Santa Barbara news-press, Oct. 27, 1932-Apr. 20, 1937.</subfield></datafield><datafield ind1=" " ind2=" " tag="752"><subfield code="a">United States</subfield><subfield code="b">California</subfield><subfield code="c">Santa Barbara</subfield><subfield code="d">Santa Barbara.</subfield></datafield><datafield ind1="0" ind2=" " tag="775"><subfield code="t">Santa Barbara press (Santa Barbara, Calif.: 1888 : Weekly)</subfield></datafield><datafield ind1="0" ind2=" " tag="775"><subfield code="t">Weekly press (Santa Barbara, Calif.)</subfield><subfield code="w">(DLC)sn 95061844</subfield></datafield><datafield ind1="1" ind2=" " tag="775"><subfield code="t">Santa Barbara news-press</subfield><subfield code="w">(DLC)sn 82014222</subfield><subfield code="w">(OCoLC)8769683</subfield></datafield><datafield ind1="0" ind2="0" tag="780"><subfield code="t">Santa Barbara press (Santa Barbara, Calif. : Daily)</subfield><subfield code="w">(DLC)sn 93051515</subfield></datafield></record>